%
% Please feel free to paste references into this file.
%

@Article{Bayes1763,
  author =	 "Bayes, Thomas",
  title =	 "An essay towards solving a problem in the doctrine
                  of chances",
  journal =	 "Philosophical Transactions of the Royal Society",
  year =	 1763,
  volume =	 53,
  pages =	 "370--418",
  note =	 "Communicated by Richard Price in a letter to John
                  Canton"
}
